3281 4878
1710 427 2108 473 „100—

947 552 1073 632 35.
1139 552 1462 631 Mollisia
1518 554 1879 632 caesiella
1949 571 2119 631 Bres.
2188 592 2249 651 p.
2317 585 2395 650 25
2468 572 2600 633 tab.
2652 571 2843 633 XXX
2911 571 2952 634 s.
3038 590 3059 634 1

748 686 769 764 ζ
785 706 845 727 ==
878 685 1158 747 Pirottea
1192 684 1575 747 Bresadolae
1606 683 1817 767 Sace.)
1850 695 2173 747 ascomate
2205 687 2421 748 setulis
2452 686 2837 749 fasciculatis
2883 708 3071 769 prae·

747 803 901 877 dito,
950 804 1111 863 ascis
1159 812 1222 864 et
1269 805 1475 883 sporis
1523 794 1726 863 multo
1792 801 2139 881 majoribus
2202 810 2320 863 ete.
2370 824 2406 864 a
2470 802 2703 864 Peziza
2766 803 3067 865 dilutella

743 918 849 980 Fr.
898 921 1049 979 satis
1102 938 1424 999 superque
1486 919 1802 979 distincta.
1870 918 1960 980 Cl.
2026 916 2265 998 Quelet
2326 919 2615 999 diagnosi
2681 918 2827 981 Pez.
2893 919 3066 980 dilu-

744 1033 937 1095 tellae
978 1034 1080 1095 Fr.
1130 1054 1335 1096 meam
1384 1032 1713 1095 Mollisiae
1759 1034 2094 1094 caesiellae
2154 1034 2498 1112 substituit,
2563 1044 2625 1096 et
2687 1035 2794 1096 tali
2857 1037 3063 1097 modo

741 1171 921 1212 suam
970 1149 1487 1232 conjunctionem
1529 1148 1879 1229 justificare
1927 1152 2293 1230 praesumit.

937 1266 1063 1347 37.
1126 1267 1552 1345 ᾹΓΠΙῙΙΙΕΓῙΕ
1609 1266 1970 1345 ᾹΠΙΙῙΙὋὸῙῙ
2033 1283 2203 1344 BreS.
2254 1305 2314 1363 p.
2368 1298 2446 1363 27
2498 1284 2628 1345 tab.
2676 1283 2897 1345 XXXI
2932 1304 3056 1345 ceu

738 1398 1131 1460 authonoma
1176 1401 1421 1479 species
1467 1419 1505 1459 a
1554 1396 1790 1478 Que‘let
1838 1400 1978 1478 ipso
2046 1406 2325 1477 recepta,
2388 1407 2453 1459 at
2515 1396 2649 1477 ejus
2711 1398 2891 1460 locus
2949 1419 3057 1476 sy-

735 1517 1105 1576 stematicus
1151 1516 1413 1583 omnino
1464 1529 1671 1595 prope
1720 1512 2028 1593 Lepiotas
2075 1513 2445 1592 granulosas
2506 1514 2688 1591 (mihi
2755 1512 3057 1575 Armilla-

735 1631 864 1691 riae
910 1632 1204 1711 species).
1254 1629 1683 1691 Armillariae
1730 1638 2174 1689 ramentaceae
2221 1628 2380 1690 Bull.
2432 1628 2705 1709 analoga
2762 1631 3051 1709 quidem,

734 1747 848 1807 sed
895 1767 1023 1807 non
1073 1745 1295 1807 affinis,

926 1861 1054 1940 42.
1116 1860 1500 1960 omphalia
1559 1860 2079 1940 Kalchrenneri
2142 1878 2312 1939 Bres.
2357 1899 2419 1958 p.
2467 1894 2546 1956 32
2601 1877 2732 1940 tab.
2787 1877 3050 1939 XXXV

731 1993 773 2055 f.
828 2010 862 2055 2
913 2015 950 2055 a
999 1993 1234 2075 Quelet
1282 1996 1513 2055 omissa
1559 1993 1733 2054 bona
1780 2002 1874 2054 est
1919 1995 2184 2074 specim,
2234 2012 2351 2054 nec
2399 2014 2547 2054 cum
2603 1993 2726 2055 alia
2783 1994 3050 2055 confun-

730 2110 942 2171 denda
990 2118 1184 2189 prout
1231 2129 1266 2169 e
1315 2110 1605 2189 diagnosi
1655 2109 1897 2171 exibita
1946 2109 2112 2170 clare
2160 2118 2357 2190 patet.

925 2225 1080 2338 43.ο
1120 2225 1421 2323 mycena
1482 2226 1863 2322 nigricans
1932 2242 2106 2303 Bres.
2158 2263 2222 2322 p.
2291 2259 2366 2321 33
2418 2240 2549 2303 tab.
2615 2241 2898 2303 XXXVI
2957 2243 3044 2303 ad

729 2357 1072 2439 Mycenam
1119 2368 1570 2441 alrocyaneam
1619 2358 1854 2419 Batsch
1905 2359 2081 2419 ducit
2130 2356 2387 2438 Quelet,
2422 2356 2603 2437 cujus
2635 2359 2916 2439 opinioni
2952 2358 3045 2419 fa·

725 2475 842 2536 cile
897 2476 1221 2550 accedam,
1291 2478 1534 2537 etiarnsi
1607 2476 1929 2555 diagnosis
1999 2474 2070 2535 cl.
2130 2475 2348 2536 Friesii
2413 2477 2470 2534 in
2535 2474 2733 2552 Hym.
2794 2474 3041 2555 Europ.

725 2612 787 2671 p.
848 2608 959 2668 141
1015 2594 1167 2652 satis
1213 2592 1480 2653 differat.

916 2706 1044 2786 45.
1110 2707 1411 2805 mycena
1470 2709 1665 2786 lutea
1712 2724 1888 2786 Bres.
1939 2744 2000 2804 p.
2055 2741 2137 2802 34
2182 2723 2311 2784 tab.
2355 2722 2670 2786 XXXV11
2702 2724 2740 2785 f.
2782 2741 2815 2785 2
2844 2723 3036 2805 juxta

722 2838 959 2920 Quelet
1006 2841 1117 2921 (in
1166 2839 1436 2921 litteris)
1479 2879 1537 2900 =
1582 2840 1854 2921 Mycena
1904 2839 2145 2901 lineata
2203 2839 2365 2900 Bull.
2418 2840 2696 2920 ideoque
2758 2840 2841 2901 ab
2890 2842 3033 2922 ipso

720 2954 781 3018 in
838 2977 958 3018 suo
1021 2976 1220 3037 opere
1281 2959 1530 3018 omissa.
1594 2954 1743 3017 Mea
1808 2958 2055 3036 species
2118 2964 2292 3016 certe
2352 2975 2389 3016 a
2452 2954 2722 3036 Mycena
2786 2956 3028 3017 lineata

717 3074 931 3152 prouti
964 3072 1048 3133 ab
1097 3071 1172 3133 ill.
1199 3071 1377 3134 Fri‘es
1425 3074 1485 3134 in
1536 3073 1710 3134 Icon.
1736 3071 1949 3132 select.
1998 3070 2127 3133 tab.
2180 3072 2261 3151 78
2298 3071 2336 3132 s.
2379 3085 2408 3149 5
2448 3080 2511 3131 et
2544 3070 2740 3151 Hym.
2787 3071 3028 3152 Europ.

716 3209 779 3269 p.
840 3205 961 3267 134
1009 3187 1295 3250 exhibita
1343 3188 1608 3262 diversa,
1657 3208 1737 3249 an
1800 3208 1956 3248 vero
2004 3207 2041 3248 a
2106 3189 2324 3266 specie
2386 3186 2684 3248 Bulliardi
2747 3207 3026 3249 asserere

715 3323 991 3383 neque0‚
1039 3305 1192 3383 quia
1240 3302 1400 3365 haee
1452 3303 1603 3364 mihi
1656 3312 1897 3383 ignota.

906 3419 1035 3499 48.
1102 3420 1464 3498 Paneolus
1523 3420 1926 3517 annulatus
1967 3437 2137 3498 Bres.
2188 3456 2248 3516 p.
2301 3438 2383 3514 36
2415 3435 2546 3497 tab.
2584 3434 2867 3497 XXX1V
2908 3437 2947 3497 s.
2987 3453 3020 3497 2

711 3573 749 3613 a
797 3552 1069 3615 Paneolo
1117 3562 1351 3615 remoto
1397 3552 1676 3615 Schaeff.
1738 3551 1906 3614 clare
1970 3553 2177 3613 differt
2235 3554 2449 3633 prouti
2512 3572 2548 3613 e
2609 3552 3026 3633 diagnosibus

710 3676 774 3729 et
820 3668 1114 3730 iconibus
1162 3667 1327 3729 clare
1375 3676 1569 3749 patet.
1617 3666 1686 3730 Si
1734 3688 1888 3729 vero
1939 3666 2011 3728 cl.
2070 3666 2307 3748 Quelet
2362 3687 2478 3729 ceu
2534 3669 2814 3749 speciem
2879 3689 3023 3748 pro-

708 3786 913 3865 priam
962 3804 1107 3846 eum
1157 3785 1562 3845 considerare
1610 3786 1872 3845 omnino
1923 3804 2048 3844 non
2083 3783 2238 3861 vult,
2273 3784 2393 3845 sub
2427 3783 2701 3845 Paneolo
2726 3783 3019 3865 fimicola

707 3900 809 3961 Fr.
858 3899 1147 3974 collocet,
1196 3920 1481 3980 quocum
1529 3899 1835 3962 affinitate
1883 3902 2182 3980 proxime
2232 3899 2610 3980 conjunctus
2658 3908 2767 3960 est.

899 4007 1027 4085 49.
1094 4006 1477 4086 Lactarius
1540 4007 1799 4086 helvas
1865 4025 2039 4085 Bres.
2107 4046 2166 4104 p.
2235 4039 2313 4103 37
2379 4024 2506 4085 tab.
2571 4022 2862 4084 XXXIV
2925 4034 3020 4085 est

711 4177 758 4198 =
809 4138 1152 4201 Lactarius
1198 4138 1497 4200 lilacinus
1543 4139 1773 4214 Lasch,
1834 4140 2111 4219 ideoque
2173 4148 2344 4201 recte
2409 4138 2645 4219 Quelet
2709 4140 2790 4199 ad
2854 4138 3019 4201 hanc

704 4257 982 4335 speciem
1033 4256 1229 4317 ducit.
