3281 4878
1674 430 2027 508 „95—

700 575 1307 657 paucis-individuis
1351 572 1545 642 semel
1593 571 1696 634 vel
1742 573 1840 634 bis
1887 574 2085 633 visam
2132 574 2346 634 statim
2380 593 2498 635 ceu
2548 572 3012 635 authonomam

606 738 610 742 -
700 694 1122 766 considerant,
1181 692 1334 751 dum
1384 710 1419 750 e
1479 699 1703 752 contra
1763 689 1848 750 nil
1912 688 2086 750 aliud
2147 698 2243 750 est
2306 710 2498 769 quam
2562 689 3015 751 abnormalitas

701 810 1021 889 quaedam
1068 810 1127 869 in
1190 814 1521 887 posterum
1572 805 1748 866 haud
1811 804 2088 885 amplius
2149 825 2508 867 occurrens.
2574 804 2715 867 Tali
2779 807 3013 886 agendi

701 926 899 986 modo
948 925 1195 1005 species
1243 943 1503 1004 prorsus
1551 921 1812 983 fictitiae
1860 923 2083 1001 utique
2131 924 2528 997 exoriuntur,
2577 932 3014 1003 quas'postea

697 1044 806 1103 vix
857 1042 1113 1102 inveniri
1153 1040 1453 1119 contigit3
1505 1058 1653 1099 nam
1687 1036 1934 1099 formae
1968 1046 2331 1099 constantes
2363 1045 2612 1099 tantum
2656 1039 3012 1100 secundum

697 1157 1128 1239 generationis
1175 1155 1405 1217 inditas
1451 1153 1624 1234 leges
1672 1154 2039 1234 producunt
2072 1152 2287 1234 plures
2318 1154 2437 1220 sibi
2471 1173 2726 1234 semper
2756 1153 3009 1215 similes,

893 1272 1081 1334 quta
1144 1271 1305 1333 haec
1369 1272 1682 1351 principia
1746 1272 1995 1351 species
2060 1278 2308 1331 nostras
2363 1271 2644 1331 condere
2700 1277 3014 1332 connatus

697 1410 857 1463 sum,
917 1388 1165 1469 hiisque
1225 1388 1551 1468 principiis
1597 1388 1853 1447 innixus
1901 1395 2189 1447 nostrum
2235 1386 2479 1447 visendi
2529 1386 2796 1446 modum
2844 1378 3011 1447 circa

697 1506 1101 1567 reductiones
1148 1512 1211 1564 et
1259 1504 1631 1564 omissiones
1678 1523 1715 1563 a
1763 1501 1839 1564 cl.
1889 1500 2189 1582 Queletio
2237 1501 2437 1562 factas
2482 1503 2543 1562 in
2592 1501 3010 1582 sequentibus
3100 1554 3111 1562 ,

697 1621 1097 1702 depromam.
1147 1617 1428 1698 Singulis
1473 1618 1814 1699 speciebus
1861 1619 2091 1679 criticis
2140 1637 2473 1678 numerum
2533 1637 2666 1697 quo
2716 1619 2776 1678 in
2827 1616 3009 1678 fasci-

699 1737 854 1799 culis
902 1739 1058 1798 meis
1105 1738 1388 1816 signatae
1434 1742 1599 1809 sunt,
1650 1736 2075 1815 praemittam.

897 1854 968 1933 2.
1031 1854 1495 1933 Tricholoma
1551 1853 2077 1949 qlaucocanum
2131 1868 2301 1929 Bres.
2355 1889 2417 1948 p.
2471 1884 2506 1948 7
2570 1867 2703 1930 tab.
2770 1868 2827 1929 11
2891 1888 3010 1928 ceu

698 1990 1070 2050 varietatem
1121 1987 1249 2067 Ag.
1301 1986 1463 2047 nudi
1507 1985 1664 2050 Bull.
1715 1985 2076 2070 considerat
2124 1983 2379 2065 Quelet,
2428 1987 2529 2046 cui
2578 1984 2703 2046 hoc
2751 1986 2811 2045 in
2862 2005 3011 2045 casu

699 2095 880 2165 facile
927 2102 1270 2180 adhaereO,
1321 2117 1462 2163 nam
1515 2109 1708 2162 notae
1755 2099 2097 2180 specificae
2145 2102 2352 2161 minus
2397 2107 2545 2161 sunt
2591 2108 2839 2161 acutae.

895 2217 968 2298 3.
1031 2218 1400 2316 clitocybe
1460 2209 1995 2316 xanthophyna
2042 2233 2213 2294 Bres.
2263 2254 2325 2313 p.
2376 2234 2413 2293 8
2462 2233 2590 2294 tab.
2644 2232 2729 2295 111
2770 2243 2945 2295 recte
2976 2254 3012 2293 a

699 2351 939 2432 Quelet
986 2353 1067 2413 ad
1117 2350 1491 2432 Omphalias
1541 2353 1812 2425 ducitur,
1860 2350 1973 2412 sed
2020 2349 2200 2411 locus
2232 2348 2366 2429 ejus
2405 2352 2852 2428 systematicus
2885 2371 3008 2411 non

701 2490 908 2550 prope
966 2466 1193 2548 Omph.
1237 2466 1782 2548 gm'seopallidam
1832 2467 2067 2541 Desm.‚
2115 2467 2229 2527 sed
2276 2467 2452 2547 apud
2512 2464 2739 2548 Omplz.
2791 2487 3011 2548 cyano-

684 2584 983 2666 plzyllam
1033 2585 1151 2660 Fr„
1202 2587 1303 2646 cui
1353 2584 1519 2646 sorte
1567 2586 1750 2647 nimis
1795 2582 2020 2644 affinis,
2054 2581 2297 2663 Sporas
2329 2582 2531 2644 habet
2558 2582 2870 2662 hyalinaS‚
2914 2604 3013 2644 su·

700 2700 987 2772 bovatas
1039 2715 1075 2779 7
1126 2736 1149 2746 ·
1201 2701 1236 2760 8
1296 2721 1360 2761 ><
1419 2718 1462 2776 4
1509 2735 1531 2745 -
1587 2714 1615 2778 5
1672 2674 1887 2760 mmm.

892 2817 967 2894 4.
1030 2814 1359 2913 cssllybla
1419 2816 1745 2912 refluera
1792 2832 1963 2893 BreS.
2011 2832 2046 2893 l.
2097 2853 2151 2893 c,
2211 2831 2341 2893 tab.
2407 2831 2499 2892 IV
2562 2833 2809 2912 species
2871 2830 3011 2911 pul-

699 2948 1026 3024 cherrima,
1061 2949 1236 3029 pileo
1285 2949 1521 3011 eximie
1551 2949 1734 3010 venis
1767 2947 2051 3028 turgidis
2068 2947 2348 3030 pallidis
2383 2947 2708 3009 reticulato
2739 2957 2847 3009 etc.
2897 2957 3008 3009 etc.

699 3085 736 3125 a
795 3063 1075 3146 collybia
1127 3064 1473 3145 plexzpede
1536 3065 1638 3126 Fr.
1707 3085 1966 3146 prorsus
2024 3065 2288 3125 diversa.
2353 3063 2590 3145 Quelet
2652 3064 3010 3143 diagnosim

699 3200 880 3242 meae
925 3182 1159 3261 speciei
1209 3181 1290 3240 ad
1342 3176 1522 3241 u'sum
1573 3180 1876 3262 Delphini
1927 3182 2351 3254 concinnavit,
2416 3187 2486 3240 ut
2543 3200 2722 3240 suam
2786 3180 3012 3241 reduc-

695 3298 935 3358 tionem
985 3295 1200 3376 aliquo
1250 3297 1446 3357 modo
1506 3295 1908 3376 probabilem
1955 3297 2205 3357 faceret.
2273 3295 2402 3358 Csr.
2469 3294 2880 3356 Enchiridion
2947 3316 3010 3375 p.

702 3429 779 3491 32
832 3420 894 3473 et
941 3412 1149 3493 Fungi
1199 3411 1376 3473 Trid.
1429 3433 1488 3492 p.
1541 3413 1595 3473 8.

894 3528 941 3607 5
1032 3528 1333 3626 mycena
1390 3530 1769 3608 calorhiza
1816 3546 1989 3607 Bres.
2041 3568 2103 3627 p.
2140 3563 2181 3624 9
2213 3545 2367 3607 tab.·
2397 3545 2459 3607 V
2494 3545 2532 3606 f.
2577 3563 2598 3607 1
2652 3565 2825 3606 novo
2859 3565 3012 3607 exa·

697 3662 841 3722 mini
891 3660 1173 3742 sebjecta
1221 3682 1337 3722 ceu
1386 3663 1658 3722 varietas
1707 3661 1875 3743 Myc.
1928 3661 2132 3723 Iridis
2178 3661 2364 3724 Berk.
2411 3661 2731 3723 habenda.
2792 3650 2802 3657 ”

894 3768 964 3847 6.
1027 3767 1411 3867 omphalia
1467 3766 1936 3847 Giovanellae
2002 3786 2172 3846 Bres.
2235 3784 2272 3847 1.
2324 3807 2379 3847 c.
2444 3785 2573 3848 tab.
2635 3785 2729 3847 VI
2793 3784 2832 3846 s.
2886 3802 2919 3846 2
2974 3805 3011 3845 a

694 3898 934 3979 Quelet
981 3900 1208 3980 injuste
1255 3904 1506 3976 omissa,
1555 3901 1729 3963 bona
1776 3912 1869 3964 est
1916 3904 2163 3984 species
2210 3923 2356 3964 cum
2406 3902 2575 3964 nulla
2623 3902 2743 3964 alia
2790 3904 3012 3964 imme·

692 4015 865 4077 diate
912 4019 1211 4096 proxima
1260 4016 1731 4097 conjungenda,
1781 4026 1844 4080 et
1877 4020 2217 4098 quotannis
2246 4020 2374 4079 suis
2405 4018 2562 4080 locis
2596 4018 2806 4080 obvia.
2840 4016 3013 4098 Spo-

692 4152 759 4192 ra
807 4131 1247 4194 late-obovata
1294 4136 1465 4213 (non
1515 4136 1878 4196 acuminata
1926 4136 2016 4196 uti
2066 4135 2300 4196 dicitur
2347 4137 2406 4197 in
2472 4135 2761 4214 diagnosi
2811 4134 2847 4195 l.
2901 4137 3008 4217 c.)

695 4248 731 4308 8
780 4283 803 4293 ·
863 4265 938 4311 10
996 4269 1058 4309 ><
1117 4266 1161 4325 4
1207 4285 1230 4295 -
1279 4249 1322 4310 6
1370 4270 1607 4322 mmm.;
1657 4250 1903 4313 basidia
1953 4250 2201 4313 clavata
2254 4267 2339 4314 20
2395 4272 2459 4312 ><
2522 4251 2558 4310 8
2610 4272 2825 4313 mmm.
