<?xml version="1.0" encoding="UTF-8"?>
<!DOCTYPE html PUBLIC "-//W3C//DTD XHTML 1.0 Transitional//EN"
    "http://www.w3.org/TR/xhtml1/DTD/xhtml1-transitional.dtd">
<html xmlns="http://www.w3.org/1999/xhtml" xml:lang="en" lang="en">
 <head>
  <title>
</title>
<meta http-equiv="Content-Type" content="text/html;charset=utf-8" />
  <meta name='ocr-system' content='tesseract 3.04.00' />
  <meta name='ocr-capabilities' content='ocr_page ocr_carea ocr_par ocr_line ocrx_word'/>
</head>
<body>
  <div class='ocr_page' id='page_1' title='image "./fungitridentini02bresgoog_0108.png"; bbox 0 0 3281 4878; ppageno 0'>
   <div class='ocr_carea' id='block_1_1' title="bbox 1702 407 2100 466">
    <p class='ocr_par' dir='ltr' id='par_1_1' title="bbox 1702 407 2100 466">
     <span class='ocr_line' id='line_1_1' title="bbox 1702 407 2100 466; baseline 0 -14"><span class='ocrx_word' id='word_1_1' title='bbox 1702 426 1788 442; x_wconf 88' lang='lat'><strong>—.-</strong></span> <span class='ocrx_word' id='word_1_2' title='bbox 1845 407 2100 466; x_wconf 89' lang='lat'>104—</span> 
     </span>
    </p>
   </div>
   <div class='ocr_carea' id='block_1_2' title="bbox 738 531 3079 730">
    <p class='ocr_par' dir='ltr' id='par_1_2' title="bbox 738 531 3079 730">
     <span class='ocr_line' id='line_1_2' title="bbox 738 531 3079 614; baseline -0.003 -18"><span class='ocrx_word' id='word_1_3' title='bbox 738 535 1013 614; x_wconf 81' lang='lat' dir='ltr'><strong>agendo,</strong></span> <span class='ocrx_word' id='word_1_4' title='bbox 1062 535 1327 596; x_wconf 83' lang='lat' dir='ltr'><strong>deberet</strong></span> <span class='ocrx_word' id='word_1_5' title='bbox 1372 533 1638 595; x_wconf 82' lang='lat' dir='ltr'>familias</span> <span class='ocrx_word' id='word_1_6' title='bbox 1684 534 1767 595; x_wconf 85' lang='lat' dir='ltr'><strong>ad</strong></span> <span class='ocrx_word' id='word_1_7' title='bbox 1800 534 2072 613; x_wconf 84' lang='lat' dir='ltr'>gradum</span> <span class='ocrx_word' id='word_1_8' title='bbox 2106 534 2366 613; x_wconf 48' lang='lat' dir='ltr'><strong>generis</strong></span> <span class='ocrx_word' id='word_1_9' title='bbox 2400 551 2632 612; x_wconf 83' lang='lat' dir='ltr'><strong>genera</strong></span> <span class='ocrx_word' id='word_1_10' title='bbox 2666 531 2752 592; x_wconf 84' lang='lat' dir='ltr'><strong>ad</strong></span> <span class='ocrx_word' id='word_1_11' title='bbox 2783 531 3079 611; x_wconf 85' lang='lat' dir='ltr'>gradum</span> 
     </span>
     <span class='ocr_line' id='line_1_3' title="bbox 741 647 2855 730; baseline -0.002 -18"><span class='ocrx_word' id='word_1_12' title='bbox 741 652 998 730; x_wconf 88' lang='lat' dir='ltr'><strong>speciei,</strong></span> <span class='ocrx_word' id='word_1_13' title='bbox 1048 659 1110 712; x_wconf 89' lang='lat' dir='ltr'><strong>et</strong></span> <span class='ocrx_word' id='word_1_14' title='bbox 1156 652 1403 730; x_wconf 89' lang='lat' dir='ltr'><strong>species</strong></span> <span class='ocrx_word' id='word_1_15' title='bbox 1452 669 1677 711; x_wconf 86' lang='lat' dir='ltr'><strong>omnes</strong></span> <span class='ocrx_word' id='word_1_16' title='bbox 1723 650 1806 710; x_wconf 88' lang='lat' dir='ltr'><strong>ad</strong></span> <span class='ocrx_word' id='word_1_17' title='bbox 1854 649 2127 729; x_wconf 82' lang='lat' dir='ltr'>gradum</span> <span class='ocrx_word' id='word_1_18' title='bbox 2173 649 2495 710; x_wconf 82' lang='lat' dir='ltr'>varietatis</span> <span class='ocrx_word' id='word_1_19' title='bbox 2526 647 2855 709; x_wconf 86' lang='lat' dir='ltr'><strong>reducere.</strong></span> 
     </span>
    </p>
   </div>
   <div class='ocr_carea' id='block_1_3' title="bbox 659 765 3075 2252">
    <p class='ocr_par' dir='ltr' id='par_1_3' title="bbox 659 765 3075 2252">
     <span class='ocr_line' id='line_1_4' title="bbox 939 765 3075 865; baseline -0.003 -20"><span class='ocrx_word' id='word_1_20' title='bbox 939 765 1064 845; x_wconf 87' lang='grc'><strong>84.</strong></span> <span class='ocrx_word' id='word_1_21' title='bbox 1128 765 1479 865; x_wconf 79' lang='lat' dir='ltr'><strong>cyphena</strong></span> <span class='ocrx_word' id='word_1_22' title='bbox 1539 766 1777 844; x_wconf 77' lang='lat' dir='ltr'><strong>lactea</strong></span> <span class='ocrx_word' id='word_1_23' title='bbox 1824 782 1999 844; x_wconf 77' lang='lat' dir='ltr'><strong>Bres.</strong></span> <span class='ocrx_word' id='word_1_24' title='bbox 2061 803 2124 862; x_wconf 85' lang='lat' dir='ltr'><strong>p.</strong></span> <span class='ocrx_word' id='word_1_25' title='bbox 2187 782 2265 843; x_wconf 91' lang='lat'><strong>61</strong></span> <span class='ocrx_word' id='word_1_26' title='bbox 2321 781 2451 843; x_wconf 76' lang='lat' dir='ltr'><strong>tab.</strong></span> <span class='ocrx_word' id='word_1_27' title='bbox 2503 779 2751 841; x_wconf 84' lang='lat' dir='ltr'>LXVII</span> <span class='ocrx_word' id='word_1_28' title='bbox 2809 780 2849 840; x_wconf 85' lang='lat' dir='ltr'><strong>f.</strong></span> <span class='ocrx_word' id='word_1_29' title='bbox 2920 797 2963 840; x_wconf 92' lang='lat'><strong>2</strong></span> <span class='ocrx_word' id='word_1_30' title='bbox 3036 800 3075 839; x_wconf 77' lang='lat' dir='ltr'>a</span> 
     </span>
     <span class='ocr_line' id='line_1_5' title="bbox 750 893 3067 980; baseline -0.003 -19"><span class='ocrx_word' id='word_1_31' title='bbox 750 898 1051 980; x_wconf 76' lang='lat' dir='ltr'><strong>Cyphella</strong></span> <span class='ocrx_word' id='word_1_32' title='bbox 1112 895 1493 960; x_wconf 78' lang='lat' dir='ltr'><strong>Goldbachz&#39;i</strong></span> <span class='ocrx_word' id='word_1_33' title='bbox 1553 898 1826 959; x_wconf 90' lang='lat' dir='ltr'><strong>Weinm.</strong></span> <span class='ocrx_word' id='word_1_34' title='bbox 1877 895 2092 958; x_wconf 85' lang='lat' dir='ltr'><strong>differt</strong></span> <span class='ocrx_word' id='word_1_35' title='bbox 2152 899 2527 978; x_wconf 84' lang='lat' dir='ltr'><strong>praesertim</strong></span> <span class='ocrx_word' id='word_1_36' title='bbox 2574 894 2783 976; x_wconf 74' lang='lat' dir='ltr'><em>sporis</em></span> <span class='ocrx_word' id='word_1_37' title='bbox 2838 893 3067 955; x_wconf 81' lang='lat' dir='ltr'><em>clava-</em></span> 
     </span>
     <span class='ocr_line' id='line_1_6' title="bbox 659 991 3069 1096; baseline -0.002 -19"><span class='ocrx_word' id='word_1_38' title='bbox 659 991 662 995; x_wconf 22' lang='lat'><em>*</em></span> <span class='ocrx_word' id='word_1_39' title='bbox 739 1016 824 1078; x_wconf 85' lang='lat' dir='ltr'><strong>tis</strong></span> <span class='ocrx_word' id='word_1_40' title='bbox 869 1014 1061 1095; x_wconf 84' lang='lat' dir='ltr'><em>duplo</em></span> <span class='ocrx_word' id='word_1_41' title='bbox 1107 1014 1477 1096; x_wconf 61' lang='lat' dir='ltr'><strong>majoribus,</strong></span> <span class='ocrx_word' id='word_1_42' title='bbox 1537 1013 1777 1074; x_wconf 77' lang='lat' dir='ltr'><em>Forma</em></span> <span class='ocrx_word' id='word_1_43' title='bbox 1836 1014 2018 1093; x_wconf 83' lang='lat' dir='ltr'>(non</span> <span class='ocrx_word' id='word_1_44' title='bbox 2067 1033 2223 1074; x_wconf 88' lang='lat' dir='ltr'><strong>vero</strong></span> <span class='ocrx_word' id='word_1_45' title='bbox 2270 1012 2635 1094; x_wconf 80' lang='lat' dir='ltr'><em>dimensio)</em></span> <span class='ocrx_word' id='word_1_46' title='bbox 2698 1031 3069 1091; x_wconf 80' lang='lat' dir='ltr'>sporarnm,</span> 
     </span>
     <span class='ocr_line' id='line_1_7' title="bbox 740 1127 3068 1221; baseline -0.003 -27"><span class='ocrx_word' id='word_1_47' title='bbox 740 1132 891 1194; x_wconf 88' lang='lat' dir='ltr'>mihi</span> <span class='ocrx_word' id='word_1_48' title='bbox 941 1140 1094 1212; x_wconf 71' lang='lat' dir='ltr'>nota</span> <span class='ocrx_word' id='word_1_49' title='bbox 1142 1133 1328 1212; x_wconf 89' lang='lat' dir='ltr'>primi</span> <span class='ocrx_word' id='word_1_50' title='bbox 1376 1132 1614 1191; x_wconf 86' lang='lat' dir='ltr'>ordinis</span> <span class='ocrx_word' id='word_1_51' title='bbox 1648 1133 1707 1190; x_wconf 86' lang='lat' dir='ltr'><strong>in</strong></span> <span class='ocrx_word' id='word_1_52' title='bbox 1740 1129 2081 1210; x_wconf 84' lang='lat' dir='ltr'><strong>speciebus</strong></span> <span class='ocrx_word' id='word_1_53' title='bbox 2114 1130 2484 1192; x_wconf 81' lang='lat' dir='ltr'><strong>condendis,</strong></span> <span class='ocrx_word' id='word_1_54' title='bbox 2520 1127 2635 1189; x_wconf 88' lang='lat' dir='ltr'><strong>Ad</strong></span> <span class='ocrx_word' id='word_1_55' title='bbox 2672 1147 2885 1190; x_wconf 82' lang='lat' dir='ltr'><strong>meam</strong></span> <span class='ocrx_word' id='word_1_56' title='bbox 2920 1147 3068 1221; x_wconf 78' lang='lat' dir='ltr'><strong>Spe-</strong></span> 
     </span>
     <span class='ocr_line' id='line_1_8' title="bbox 741 1219 3067 1327; baseline -0.003 -17"><span class='ocrx_word' id='word_1_57' title='bbox 741 1251 904 1310; x_wconf 89' lang='lat' dir='ltr'><strong>ciem</strong></span> <span class='ocrx_word' id='word_1_58' title='bbox 950 1249 1204 1310; x_wconf 88' lang='lat' dir='ltr'><strong>videtur</strong></span> <span class='ocrx_word' id='word_1_59' title='bbox 1250 1246 1582 1309; x_wconf 83' lang='lat' dir='ltr'><strong>reserenda</strong></span> <span class='ocrx_word' id='word_1_60' title='bbox 1620 1219 1921 1327; x_wconf 56' lang='lat' dir='ltr'><em>ijltella</em></span> <span class='ocrx_word' id='word_1_61' title='bbox 1956 1245 2413 1308; x_wconf 78' lang='lat' dir='ltr'><strong>Malbranchez‘</strong></span> <span class='ocrx_word' id='word_1_62' title='bbox 2442 1243 2712 1306; x_wconf 82' lang='lat' dir='ltr'>Patouil.</span> <span class='ocrx_word' id='word_1_63' title='bbox 2749 1244 2915 1304; x_wconf 81' lang='lat' dir='ltr'><strong>Tab.</strong></span> <span class='ocrx_word' id='word_1_64' title='bbox 2952 1242 3067 1304; x_wconf 87' lang='lat' dir='ltr'><strong>An</strong></span> 
     </span>
     <span class='ocr_line' id='line_1_9' title="bbox 743 1363 1584 1445; baseline -0.002 -20"><span class='ocrx_word' id='word_1_65' title='bbox 743 1364 951 1445; x_wconf 88' lang='lat' dir='ltr'>Fung.</span> <span class='ocrx_word' id='word_1_66' title='bbox 1003 1385 1066 1444; x_wconf 84' lang='lat' dir='ltr'><strong>p.</strong></span> <span class='ocrx_word' id='word_1_67' title='bbox 1121 1379 1249 1439; x_wconf 89' lang='lat'><strong>204</strong></span> <span class='ocrx_word' id='word_1_68' title='bbox 1297 1365 1390 1424; x_wconf 89' lang='lat' dir='ltr'><strong>n.⁰</strong></span> <span class='ocrx_word' id='word_1_69' title='bbox 1435 1363 1584 1440; x_wconf 91' lang='lat'><strong>466.</strong></span> 
     </span>
     <span class='ocr_line' id='line_1_10' title="bbox 936 1477 3067 1558; baseline -0.001 0"><span class='ocrx_word' id='word_1_70' title='bbox 936 1478 1062 1558; x_wconf 83' lang='lat'><strong>85.</strong></span> <span class='ocrx_word' id='word_1_71' title='bbox 1125 1478 1474 1558; x_wconf 78' lang='lat' dir='ltr'>clavaria</span> <span class='ocrx_word' id='word_1_72' title='bbox 1527 1481 1858 1557; x_wconf 82' lang='lat' dir='ltr'><strong>testaceo</strong></span> <span class='ocrx_word' id='word_1_73' title='bbox 1900 1519 1925 1535; x_wconf 95' lang='lat'>-</span> <span class='ocrx_word' id='word_1_74' title='bbox 1956 1477 2158 1556; x_wconf 77' lang='lat' dir='ltr'>flava</span> <span class='ocrx_word' id='word_1_75' title='bbox 2206 1495 2379 1556; x_wconf 81' lang='lat' dir='ltr'><strong>Bres.</strong></span> <span class='ocrx_word' id='word_1_76' title='bbox 2430 1494 2469 1556; x_wconf 89' lang='lat'><strong>1.</strong></span> <span class='ocrx_word' id='word_1_77' title='bbox 2532 1515 2584 1556; x_wconf 86' lang='lat' dir='ltr'><strong>c.</strong></span> <span class='ocrx_word' id='word_1_78' title='bbox 2648 1495 2781 1556; x_wconf 84' lang='lat' dir='ltr'><strong>tab.</strong></span> <span class='ocrx_word' id='word_1_79' title='bbox 2848 1494 3067 1556; x_wconf 80' lang='lat' dir='ltr'>LXIX</span> 
     </span>
     <span class='ocr_line' id='line_1_11' title="bbox 737 1609 3061 1690; baseline -0.001 -18"><span class='ocrx_word' id='word_1_80' title='bbox 737 1633 775 1672; x_wconf 83' lang='lat' dir='ltr'>a</span> <span class='ocrx_word' id='word_1_81' title='bbox 833 1611 1142 1674; x_wconf 85' lang='lat' dir='ltr'><strong>Clavaria</strong></span> <span class='ocrx_word' id='word_1_82' title='bbox 1188 1610 1575 1672; x_wconf 84' lang='lat' dir='ltr'><strong>condensata</strong></span> <span class='ocrx_word' id='word_1_83' title='bbox 1623 1610 1905 1674; x_wconf 84' lang='lat' dir='ltr'><strong>Schaeff.</strong></span> <span class='ocrx_word' id='word_1_84' title='bbox 1957 1612 1977 1689; x_wconf 86' lang='lat'>(</span> <span class='ocrx_word' id='word_1_85' title='bbox 2020 1610 2142 1672; x_wconf 86' lang='lat' dir='ltr'><strong>Cfr.</strong></span> <span class='ocrx_word' id='word_1_86' title='bbox 2193 1611 2250 1670; x_wconf 86' lang='lat' dir='ltr'>T</span> <span class='ocrx_word' id='word_1_87' title='bbox 2254 1610 2354 1674; x_wconf 84' lang='lat' dir='ltr'><strong>ab.</strong></span> <span class='ocrx_word' id='word_1_88' title='bbox 2403 1631 2463 1671; x_wconf 89' lang='lat' dir='ltr'><strong>n.</strong></span> <span class='ocrx_word' id='word_1_89' title='bbox 2516 1609 2657 1690; x_wconf 89' lang='lat' dir='ltr'><strong>CI)</strong></span> <span class='ocrx_word' id='word_1_90' title='bbox 2721 1609 2876 1672; x_wconf 88' lang='lat' dir='ltr'>mihi</span> <span class='ocrx_word' id='word_1_91' title='bbox 2934 1609 3061 1670; x_wconf 87' lang='lat' dir='ltr'><strong>fre-</strong></span> 
     </span>
     <span class='ocr_line' id='line_1_12' title="bbox 738 1725 3061 1808; baseline -0 -20"><span class='ocrx_word' id='word_1_92' title='bbox 738 1737 1010 1808; x_wconf 85' lang='lat' dir='ltr'><strong>quenter</strong></span> <span class='ocrx_word' id='word_1_93' title='bbox 1055 1729 1267 1805; x_wconf 87' lang='lat' dir='ltr'>obvia,</span> <span class='ocrx_word' id='word_1_94' title='bbox 1302 1737 1367 1789; x_wconf 84' lang='lat' dir='ltr'><strong>et</strong></span> <span class='ocrx_word' id='word_1_95' title='bbox 1414 1748 1542 1807; x_wconf 88' lang='lat' dir='ltr'><strong>qua</strong></span> <span class='ocrx_word' id='word_1_96' title='bbox 1589 1727 1733 1788; x_wconf 83' lang='lat' dir='ltr'>talis</span> <span class='ocrx_word' id='word_1_97' title='bbox 1778 1747 1815 1788; x_wconf 89' lang='lat' dir='ltr'>a</span> <span class='ocrx_word' id='word_1_98' title='bbox 1864 1725 2100 1808; x_wconf 78' lang='lat' dir='ltr'><strong>Quelet</strong></span> <span class='ocrx_word' id='word_1_99' title='bbox 2148 1730 2289 1807; x_wconf 84' lang='lat' dir='ltr'>ipso</span> <span class='ocrx_word' id='word_1_100' title='bbox 2347 1726 2564 1788; x_wconf 84' lang='lat' dir='ltr'>habita</span> <span class='ocrx_word' id='word_1_101' title='bbox 2612 1747 2649 1788; x_wconf 92' lang='lat' dir='ltr'><strong>e</strong></span> <span class='ocrx_word' id='word_1_102' title='bbox 2698 1729 3061 1807; x_wconf 78' lang='lat' dir='ltr'>specimini-</span> 
     </span>
     <span class='ocr_line' id='line_1_13' title="bbox 739 1841 3065 1923; baseline -0 -19"><span class='ocrx_word' id='word_1_103' title='bbox 739 1843 862 1904; x_wconf 85' lang='lat' dir='ltr'><strong>bus</strong></span> <span class='ocrx_word' id='word_1_104' title='bbox 909 1845 1394 1906; x_wconf 86' lang='lat' dir='ltr'><strong>communicatis</strong></span> <span class='ocrx_word' id='word_1_105' title='bbox 1442 1845 1527 1904; x_wconf 87' lang='lat' dir='ltr'><strong>ita</strong></span> <span class='ocrx_word' id='word_1_106' title='bbox 1576 1843 1826 1904; x_wconf 81' lang='lat' dir='ltr'><strong>diversa</strong></span> <span class='ocrx_word' id='word_1_107' title='bbox 1874 1853 1985 1917; x_wconf 85' lang='lat' dir='ltr'><strong>est,</strong></span> <span class='ocrx_word' id='word_1_108' title='bbox 2037 1850 2106 1903; x_wconf 91' lang='lat' dir='ltr'><strong>ut</strong></span> <span class='ocrx_word' id='word_1_109' title='bbox 2163 1845 2211 1903; x_wconf 88' lang='lat' dir='ltr'><strong>si</strong></span> <span class='ocrx_word' id='word_1_110' title='bbox 2277 1863 2425 1904; x_wconf 87' lang='lat' dir='ltr'><strong>cum</strong></span> <span class='ocrx_word' id='word_1_111' title='bbox 2492 1845 2606 1903; x_wconf 81' lang='lat' dir='ltr'>ista</span> <span class='ocrx_word' id='word_1_112' title='bbox 2670 1841 3065 1923; x_wconf 85' lang='lat' dir='ltr'><strong>conjungere</strong></span> 
     </span>
     <span class='ocr_line' id='line_1_14' title="bbox 738 1957 3062 2040; baseline -0.001 -20"><span class='ocrx_word' id='word_1_113' title='bbox 738 1961 834 2020; x_wconf 82' lang='lat' dir='ltr'><strong>vis</strong></span> <span class='ocrx_word' id='word_1_114' title='bbox 881 1961 1017 2040; x_wconf 86' lang='lat' dir='ltr'>pari</span> <span class='ocrx_word' id='word_1_115' title='bbox 1065 1961 1308 2020; x_wconf 84' lang='lat' dir='ltr'>ratione</span> <span class='ocrx_word' id='word_1_116' title='bbox 1356 1979 1503 2020; x_wconf 90' lang='lat' dir='ltr'><strong>cum</strong></span> <span class='ocrx_word' id='word_1_117' title='bbox 1554 1957 1853 2020; x_wconf 84' lang='lat' dir='ltr'>omnibus</span> <span class='ocrx_word' id='word_1_118' title='bbox 1900 1957 2033 2019; x_wconf 83' lang='lat' dir='ltr'>aliis</span> <span class='ocrx_word' id='word_1_119' title='bbox 2083 1957 2388 2020; x_wconf 80' lang='lat' dir='ltr'>Clavariis</span> <span class='ocrx_word' id='word_1_120' title='bbox 2423 1957 2821 2038; x_wconf 87' lang='lat' dir='ltr'><strong>conjungere</strong></span> <span class='ocrx_word' id='word_1_121' title='bbox 2854 1968 3062 2038; x_wconf 77' lang='lat' dir='ltr'><strong>potes,</strong></span> 
     </span>
     <span class='ocr_line' id='line_1_15' title="bbox 740 2073 3061 2155; baseline -0.001 -19"><span class='ocrx_word' id='word_1_122' title='bbox 740 2076 961 2137; x_wconf 85' lang='lat' dir='ltr'>Prouti</span> <span class='ocrx_word' id='word_1_123' title='bbox 1002 2074 1135 2155; x_wconf 82' lang='lat' dir='ltr'><strong>jam</strong></span> <span class='ocrx_word' id='word_1_124' title='bbox 1185 2076 1403 2136; x_wconf 90' lang='lat' dir='ltr'>monui</span> <span class='ocrx_word' id='word_1_125' title='bbox 1452 2094 1594 2135; x_wconf 82' lang='lat' dir='ltr'><strong>mea</strong></span> <span class='ocrx_word' id='word_1_126' title='bbox 1642 2077 1887 2154; x_wconf 85' lang='lat' dir='ltr'><strong>species</strong></span> <span class='ocrx_word' id='word_1_127' title='bbox 1946 2073 2120 2136; x_wconf 80' lang='lat' dir='ltr'><em>Clav.</em></span> <span class='ocrx_word' id='word_1_128' title='bbox 2182 2073 2547 2152; x_wconf 82' lang='lat' dir='ltr'><strong>spz&#39;nulosae</strong></span> <span class='ocrx_word' id='word_1_129' title='bbox 2607 2075 2777 2135; x_wconf 79' lang='lat' dir='ltr'><strong>Pers,</strong></span> <span class='ocrx_word' id='word_1_130' title='bbox 2838 2077 3061 2154; x_wconf 85' lang='lat' dir='ltr'>proxi-</span> 
     </span>
     <span class='ocr_line' id='line_1_16' title="bbox 749 2190 1260 2252; baseline -0.004 0"><span class='ocrx_word' id='word_1_131' title='bbox 749 2212 851 2252; x_wconf 88' lang='lat' dir='ltr'><strong>me</strong></span> <span class='ocrx_word' id='word_1_132' title='bbox 899 2190 1103 2251; x_wconf 86' lang='lat' dir='ltr'>affinis</span> <span class='ocrx_word' id='word_1_133' title='bbox 1151 2200 1260 2252; x_wconf 87' lang='lat' dir='ltr'><strong>est.</strong></span> 
     </span>
    </p>
   </div>
   <div class='ocr_carea' id='block_1_4' title="bbox 737 2303 3065 3212">
    <p class='ocr_par' dir='ltr' id='par_1_4' title="bbox 737 2303 3065 3212">
     <span class='ocr_line' id='line_1_17' title="bbox 939 2303 3065 2404; baseline 0 -19"><span class='ocrx_word' id='word_1_134' title='bbox 939 2305 1066 2385; x_wconf 83' lang='lat'><strong>87.</strong></span> <span class='ocrx_word' id='word_1_135' title='bbox 1128 2306 1549 2385; x_wconf 81' lang='lat' dir='ltr'>Tulostoma</span> <span class='ocrx_word' id='word_1_136' title='bbox 1605 2303 2077 2384; x_wconf 81' lang='lat' dir='ltr'><strong>Giovanellae</strong></span> <span class='ocrx_word' id='word_1_137' title='bbox 2152 2323 2328 2384; x_wconf 77' lang='lat' dir='ltr'><strong>Bres.</strong></span> <span class='ocrx_word' id='word_1_138' title='bbox 2380 2345 2439 2404; x_wconf 85' lang='lat' dir='ltr'><strong>p.</strong></span> <span class='ocrx_word' id='word_1_139' title='bbox 2490 2324 2571 2402; x_wconf 84' lang='lat'><strong>63</strong></span> <span class='ocrx_word' id='word_1_140' title='bbox 2622 2322 2751 2384; x_wconf 80' lang='lat' dir='ltr'><strong>tab.</strong></span> <span class='ocrx_word' id='word_1_141' title='bbox 2815 2323 3065 2385; x_wconf 82' lang='lat' dir='ltr'>LXXII</span> 
     </span>
     <span class='ocr_line' id='line_1_18' title="bbox 741 2423 3065 2520; baseline 0 -19"><span class='ocrx_word' id='word_1_142' title='bbox 741 2439 779 2501; x_wconf 89' lang='lat' dir='ltr'><strong>f.</strong></span> <span class='ocrx_word' id='word_1_143' title='bbox 837 2457 860 2501; x_wconf 92' lang='lat'>1</span> <span class='ocrx_word' id='word_1_144' title='bbox 917 2441 1162 2520; x_wconf 85' lang='lat' dir='ltr'><strong>species</strong></span> <span class='ocrx_word' id='word_1_145' title='bbox 1207 2459 1460 2519; x_wconf 85' lang='lat' dir='ltr'><strong>semper</strong></span> <span class='ocrx_word' id='word_1_146' title='bbox 1508 2437 1859 2518; x_wconf 84' lang='lat' dir='ltr'>majuscula</span> <span class='ocrx_word' id='word_1_147' title='bbox 1923 2437 2063 2499; x_wconf 89' lang='lat' dir='ltr'>vult</span> <span class='ocrx_word' id='word_1_148' title='bbox 2119 2436 2355 2519; x_wconf 78' lang='lat' dir='ltr'><strong>Quelet</strong></span> <span class='ocrx_word' id='word_1_149' title='bbox 2414 2439 2495 2500; x_wconf 85' lang='lat' dir='ltr'><strong>ad</strong></span> <span class='ocrx_word' id='word_1_150' title='bbox 2576 2437 2707 2501; x_wconf 83' lang='lat' dir='ltr'><em>Tul.</em></span> <span class='ocrx_word' id='word_1_151' title='bbox 2769 2423 3065 2501; x_wconf 69' lang='lat' dir='ltr'><strong>brumale</strong></span> 
     </span>
     <span class='ocr_line' id='line_1_19' title="bbox 739 2555 3062 2635; baseline 0 -18"><span class='ocrx_word' id='word_1_152' title='bbox 739 2556 909 2617; x_wconf 82' lang='lat' dir='ltr'><strong>Pers,</strong></span> <span class='ocrx_word' id='word_1_153' title='bbox 959 2564 1266 2635; x_wconf 84' lang='lat' dir='ltr'>tanquam</span> <span class='ocrx_word' id='word_1_154' title='bbox 1323 2576 1454 2616; x_wconf 81' lang='lat' dir='ltr'>var.</span> <span class='ocrx_word' id='word_1_155' title='bbox 1516 2555 1771 2629; x_wconf 83' lang='lat' dir='ltr'><strong>ducere3</strong></span> <span class='ocrx_word' id='word_1_156' title='bbox 1822 2575 1951 2634; x_wconf 88' lang='lat' dir='ltr'><strong>qua</strong></span> <span class='ocrx_word' id='word_1_157' title='bbox 2014 2558 2260 2616; x_wconf 86' lang='lat' dir='ltr'>ratione</span> <span class='ocrx_word' id='word_1_158' title='bbox 2318 2576 2472 2617; x_wconf 89' lang='lat' dir='ltr'><strong>vero</strong></span> <span class='ocrx_word' id='word_1_159' title='bbox 2534 2558 2646 2615; x_wconf 86' lang='lat' dir='ltr'><strong>vix</strong></span> <span class='ocrx_word' id='word_1_160' title='bbox 2710 2555 3062 2635; x_wconf 85' lang='lat' dir='ltr'><strong>intelligere</strong></span> 
     </span>
     <span class='ocr_line' id='line_1_20' title="bbox 737 2670 3062 2753; baseline 0 -20"><span class='ocrx_word' id='word_1_161' title='bbox 737 2691 926 2752; x_wconf 90' lang='lat' dir='ltr'>que0,</span> <span class='ocrx_word' id='word_1_162' title='bbox 963 2692 1122 2732; x_wconf 81' lang='lat' dir='ltr'><strong>nam</strong></span> <span class='ocrx_word' id='word_1_163' title='bbox 1171 2679 1364 2732; x_wconf 87' lang='lat' dir='ltr'><strong>notae</strong></span> <span class='ocrx_word' id='word_1_164' title='bbox 1412 2671 1857 2733; x_wconf 81' lang='lat' dir='ltr'><strong>differentiales</strong></span> <span class='ocrx_word' id='word_1_165' title='bbox 1904 2680 2036 2733; x_wconf 85' lang='lat' dir='ltr'><strong>tam</strong></span> <span class='ocrx_word' id='word_1_166' title='bbox 2085 2670 2415 2733; x_wconf 83' lang='lat' dir='ltr'><strong>manifeste</strong></span> <span class='ocrx_word' id='word_1_167' title='bbox 2449 2679 2688 2752; x_wconf 82' lang='lat' dir='ltr'><strong>patent,</strong></span> <span class='ocrx_word' id='word_1_168' title='bbox 2721 2679 2792 2732; x_wconf 91' lang='lat' dir='ltr'><strong>ut</strong></span> <span class='ocrx_word' id='word_1_169' title='bbox 2838 2692 3062 2753; x_wconf 87' lang='lat' dir='ltr'>super-</span> 
     </span>
     <span class='ocr_line' id='line_1_21' title="bbox 743 2787 3065 2868; baseline 0 -20"><span class='ocrx_word' id='word_1_170' title='bbox 743 2787 943 2848; x_wconf 87' lang='lat' dir='ltr'>fluum</span> <span class='ocrx_word' id='word_1_171' title='bbox 991 2806 1251 2867; x_wconf 86' lang='lat' dir='ltr'>prorsus</span> <span class='ocrx_word' id='word_1_172' title='bbox 1297 2788 1590 2848; x_wconf 83' lang='lat' dir='ltr'><strong>videatur</strong></span> <span class='ocrx_word' id='word_1_173' title='bbox 1637 2807 1745 2848; x_wconf 84' lang='lat' dir='ltr'><strong>eas</strong></span> <span class='ocrx_word' id='word_1_174' title='bbox 1790 2787 1893 2848; x_wconf 90' lang='lat' dir='ltr'><strong>hic</strong></span> <span class='ocrx_word' id='word_1_175' title='bbox 1941 2796 2251 2867; x_wconf 88' lang='lat' dir='ltr'><strong>repetere.</strong></span> <span class='ocrx_word' id='word_1_176' title='bbox 2315 2787 2460 2868; x_wconf 86' lang='lat' dir='ltr'><strong>Ego</strong></span> <span class='ocrx_word' id='word_1_177' title='bbox 2519 2808 2665 2848; x_wconf 90' lang='lat' dir='ltr'><strong>cum</strong></span> <span class='ocrx_word' id='word_1_178' title='bbox 2732 2787 3065 2868; x_wconf 85' lang='lat' dir='ltr'><strong>exempla—</strong></span> 
     </span>
     <span class='ocr_line' id='line_1_22' title="bbox 739 2900 3062 2983; baseline -0 -19"><span class='ocrx_word' id='word_1_179' title='bbox 739 2902 914 2964; x_wconf 82' lang='lat' dir='ltr'>ribus</span> <span class='ocrx_word' id='word_1_180' title='bbox 960 2901 1200 2982; x_wconf 85' lang='lat' dir='ltr'>gallicis</span> <span class='ocrx_word' id='word_1_181' title='bbox 1263 2900 1395 2963; x_wconf 80' lang='lat' dir='ltr'><em>Tul.</em></span> <span class='ocrx_word' id='word_1_182' title='bbox 1446 2900 1763 2963; x_wconf 83' lang='lat' dir='ltr'><strong>brumalis</strong></span> <span class='ocrx_word' id='word_1_183' title='bbox 1809 2902 1978 2964; x_wconf 77' lang='lat' dir='ltr'><strong>Pers,</strong></span> <span class='ocrx_word' id='word_1_184' title='bbox 2030 2923 2066 2963; x_wconf 88' lang='lat' dir='ltr'>a</span> <span class='ocrx_word' id='word_1_185' title='bbox 2118 2901 2354 2982; x_wconf 77' lang='lat' dir='ltr'><strong>Quelet</strong></span> <span class='ocrx_word' id='word_1_186' title='bbox 2387 2905 2527 2983; x_wconf 86' lang='lat' dir='ltr'>ipso</span> <span class='ocrx_word' id='word_1_187' title='bbox 2562 2906 2765 2964; x_wconf 81' lang='lat' dir='ltr'>missis</span> <span class='ocrx_word' id='word_1_188' title='bbox 2797 2924 3062 2983; x_wconf 82' lang='lat' dir='ltr'><strong>compa-</strong></span> 
     </span>
     <span class='ocr_line' id='line_1_23' title="bbox 740 3016 3065 3098; baseline 0 -19"><span class='ocrx_word' id='word_1_189' title='bbox 740 3020 891 3093; x_wconf 88' lang='lat' dir='ltr'>ravi,</span> <span class='ocrx_word' id='word_1_190' title='bbox 941 3038 1056 3080; x_wconf 90' lang='lat' dir='ltr'><strong>nec</strong></span> <span class='ocrx_word' id='word_1_191' title='bbox 1105 3019 1366 3079; x_wconf 87' lang='lat' dir='ltr'>omnino</span> <span class='ocrx_word' id='word_1_192' title='bbox 1401 3016 1793 3097; x_wconf 81' lang='lat' dir='ltr'><strong>conjungere</strong></span> <span class='ocrx_word' id='word_1_193' title='bbox 1826 3038 2107 3097; x_wconf 84' lang='lat' dir='ltr'>possum.</span> <span class='ocrx_word' id='word_1_194' title='bbox 2142 3018 2293 3079; x_wconf 88' lang='lat' dir='ltr'><strong>Meo</strong></span> <span class='ocrx_word' id='word_1_195' title='bbox 2330 3038 2515 3079; x_wconf 79' lang='lat' dir='ltr'><strong>sensu</strong></span> <span class='ocrx_word' id='word_1_196' title='bbox 2553 3017 2777 3098; x_wconf 84' lang='lat' dir='ltr'>majori</span> <span class='ocrx_word' id='word_1_197' title='bbox 2813 3020 3065 3080; x_wconf 86' lang='lat' dir='ltr'>ratione</span> 
     </span>
     <span class='ocr_line' id='line_1_24' title="bbox 759 3130 3060 3212; baseline 0 -18"><span class='ocrx_word' id='word_1_198' title='bbox 759 3131 820 3194; x_wconf 88' lang='lat' dir='ltr'><em>T</em></span> <span class='ocrx_word' id='word_1_199' title='bbox 809 3133 1117 3195; x_wconf 83' lang='lat' dir='ltr'><em>ulostoma</em></span> <span class='ocrx_word' id='word_1_200' title='bbox 1141 3132 1384 3193; x_wconf 79' lang='lat' dir='ltr'><strong>Barlae</strong></span> <span class='ocrx_word' id='word_1_201' title='bbox 1403 3130 1591 3212; x_wconf 77' lang='lat' dir='ltr'><strong>Quel.</strong></span> <span class='ocrx_word' id='word_1_202' title='bbox 1616 3133 1699 3193; x_wconf 85' lang='lat' dir='ltr'><strong>ad</strong></span> <span class='ocrx_word' id='word_1_203' title='bbox 1736 3130 1869 3194; x_wconf 83' lang='lat' dir='ltr'><strong>Tul.</strong></span> <span class='ocrx_word' id='word_1_204' title='bbox 1898 3153 2327 3194; x_wconf 72' lang='lat' dir='ltr'><em>mammosam</em></span> <span class='ocrx_word' id='word_1_205' title='bbox 2354 3133 2458 3195; x_wconf 87' lang='lat' dir='ltr'><strong>Fr.</strong></span> <span class='ocrx_word' id='word_1_206' title='bbox 2481 3133 2849 3195; x_wconf 87' lang='lat' dir='ltr'><strong>ducendum</strong></span> <span class='ocrx_word' id='word_1_207' title='bbox 2869 3144 3060 3195; x_wconf 81' lang='lat' dir='ltr'><strong>esset.</strong></span> 
     </span>
    </p>
   </div>
   <div class='ocr_carea' id='block_1_5' title="bbox 733 3273 3071 4301">
    <p class='ocr_par' dir='ltr' id='par_1_5' title="bbox 733 3273 3071 4301">
     <span class='ocr_line' id='line_1_25' title="bbox 867 3273 3061 3375; baseline 0.001 -21"><span class='ocrx_word' id='word_1_208' title='bbox 867 3308 871 3311; x_wconf 94' lang='lat'>·</span> <span class='ocrx_word' id='word_1_209' title='bbox 938 3276 1064 3355; x_wconf 84' lang='grc'><strong>91.</strong></span> <span class='ocrx_word' id='word_1_210' title='bbox 1124 3273 1605 3375; x_wconf 76' lang='lat' dir='ltr'><strong>spathularia</strong></span> <span class='ocrx_word' id='word_1_211' title='bbox 1650 3275 1891 3354; x_wconf 80' lang='lat' dir='ltr'><strong>Neesii</strong></span> <span class='ocrx_word' id='word_1_212' title='bbox 1944 3293 2117 3354; x_wconf 77' lang='lat' dir='ltr'><strong>Bres.</strong></span> <span class='ocrx_word' id='word_1_213' title='bbox 2167 3314 2226 3374; x_wconf 84' lang='lat' dir='ltr'><strong>p.</strong></span> <span class='ocrx_word' id='word_1_214' title='bbox 2290 3294 2375 3354; x_wconf 88' lang='lat'><strong>66</strong></span> <span class='ocrx_word' id='word_1_215' title='bbox 2437 3293 2565 3354; x_wconf 76' lang='lat' dir='ltr'>tab.</span> <span class='ocrx_word' id='word_1_216' title='bbox 2615 3293 2867 3356; x_wconf 83' lang='lat' dir='ltr'>LXXII</span> <span class='ocrx_word' id='word_1_217' title='bbox 2931 3295 2967 3355; x_wconf 88' lang='lat' dir='ltr'><strong>f.</strong></span> <span class='ocrx_word' id='word_1_218' title='bbox 3024 3313 3061 3375; x_wconf 88' lang='lat'>3</span> 
     </span>
     <span class='ocr_line' id='line_1_26' title="bbox 739 3406 3063 3489; baseline 0.001 -19"><span class='ocrx_word' id='word_1_219' title='bbox 739 3430 778 3470; x_wconf 86' lang='lat' dir='ltr'>a</span> <span class='ocrx_word' id='word_1_220' title='bbox 826 3407 1064 3489; x_wconf 76' lang='lat' dir='ltr'><strong>Quelet</strong></span> <span class='ocrx_word' id='word_1_221' title='bbox 1109 3406 1401 3489; x_wconf 83' lang='lat' dir='ltr'><strong>neglecta</strong></span> <span class='ocrx_word' id='word_1_222' title='bbox 1449 3407 1585 3482; x_wconf 82' lang='lat' dir='ltr'>fuit3</span> <span class='ocrx_word' id='word_1_223' title='bbox 1636 3409 1749 3470; x_wconf 85' lang='lat' dir='ltr'><strong>sed</strong></span> <span class='ocrx_word' id='word_1_224' title='bbox 1810 3417 1983 3469; x_wconf 89' lang='lat' dir='ltr'><strong>certe</strong></span> <span class='ocrx_word' id='word_1_225' title='bbox 2033 3428 2173 3469; x_wconf 83' lang='lat' dir='ltr'><strong>mea</strong></span> <span class='ocrx_word' id='word_1_226' title='bbox 2220 3411 2466 3489; x_wconf 77' lang='lat' dir='ltr'><strong>species</strong></span> <span class='ocrx_word' id='word_1_227' title='bbox 2528 3418 2623 3469; x_wconf 86' lang='lat' dir='ltr'><strong>est</strong></span> <span class='ocrx_word' id='word_1_228' title='bbox 2667 3449 2728 3469; x_wconf 86' lang='lat'>=</span> <span class='ocrx_word' id='word_1_229' title='bbox 2777 3408 3063 3472; x_wconf 72' lang='lat' dir='ltr'><strong>M‘itrula</strong></span> 
     </span>
     <span class='ocr_line' id='line_1_27' title="bbox 741 3512 3062 3606; baseline 0 -19"><span class='ocrx_word' id='word_1_230' title='bbox 741 3527 895 3606; x_wconf 86' lang='lat' dir='ltr'><strong>rufa</strong></span> <span class='ocrx_word' id='word_1_231' title='bbox 944 3523 1129 3605; x_wconf 80' lang='lat' dir='ltr'><strong>Que‘l.</strong></span> <span class='ocrx_word' id='word_1_232' title='bbox 1178 3512 1432 3586; x_wconf 85' lang='lat' dir='ltr'>Enchir.</span> <span class='ocrx_word' id='word_1_233' title='bbox 1484 3546 1548 3605; x_wconf 92' lang='lat' dir='ltr'><strong>p.</strong></span> <span class='ocrx_word' id='word_1_234' title='bbox 1588 3526 1731 3603; x_wconf 88' lang='lat'><strong>269.</strong></span> <span class='ocrx_word' id='word_1_235' title='bbox 1776 3524 1928 3585; x_wconf 87' lang='lat' dir='ltr'><strong>Meo</strong></span> <span class='ocrx_word' id='word_1_236' title='bbox 1979 3544 2163 3586; x_wconf 86' lang='lat' dir='ltr'><strong>sensu</strong></span> <span class='ocrx_word' id='word_1_237' title='bbox 2200 3524 2623 3604; x_wconf 80' lang='lat' dir='ltr'><strong>Spatlzularz&#39;a</strong></span> <span class='ocrx_word' id='word_1_238' title='bbox 2668 3527 2821 3605; x_wconf 82' lang='lat' dir='ltr'><strong>rufa</strong></span> <span class='ocrx_word' id='word_1_239' title='bbox 2856 3525 3062 3589; x_wconf 87' lang='lat' dir='ltr'>Swrz.</span> 
     </span>
     <span class='ocr_line' id='line_1_28' title="bbox 745 3639 3069 3722; baseline -0 -18"><span class='ocrx_word' id='word_1_240' title='bbox 745 3640 996 3721; x_wconf 86' lang='lat' dir='ltr'><strong>(Cooke</strong></span> <span class='ocrx_word' id='word_1_241' title='bbox 1044 3639 1344 3721; x_wconf 84' lang='lat' dir='ltr'><strong>Mycogr.</strong></span> <span class='ocrx_word' id='word_1_242' title='bbox 1397 3640 1435 3701; x_wconf 91' lang='lat' dir='ltr'><strong>f.</strong></span> <span class='ocrx_word' id='word_1_243' title='bbox 1490 3643 1637 3722; x_wconf 84' lang='lat'>343)</span> <span class='ocrx_word' id='word_1_244' title='bbox 1686 3643 1932 3721; x_wconf 84' lang='lat' dir='ltr'><strong>species</strong></span> <span class='ocrx_word' id='word_1_245' title='bbox 1980 3650 2075 3702; x_wconf 86' lang='lat' dir='ltr'><strong>est</strong></span> <span class='ocrx_word' id='word_1_246' title='bbox 2107 3643 2369 3702; x_wconf 89' lang='lat' dir='ltr'>omnino</span> <span class='ocrx_word' id='word_1_247' title='bbox 2420 3642 2667 3702; x_wconf 82' lang='lat' dir='ltr'><strong>diversa</strong></span> <span class='ocrx_word' id='word_1_248' title='bbox 2700 3662 2737 3701; x_wconf 84' lang='lat' dir='ltr'>a</span> <span class='ocrx_word' id='word_1_249' title='bbox 2782 3640 3069 3721; x_wconf 80' lang='lat' dir='ltr'><strong>Spallzu-</strong></span> 
     </span>
     <span class='ocr_line' id='line_1_29' title="bbox 745 3754 3068 3839; baseline 0 -20"><span class='ocrx_word' id='word_1_250' title='bbox 745 3758 1120 3835; x_wconf 57' lang='lat' dir='ltr'><em>lanamsa</em></span> <span class='ocrx_word' id='word_1_251' title='bbox 1169 3756 1342 3817; x_wconf 87' lang='lat' dir='ltr'><strong>Nees</strong></span> <span class='ocrx_word' id='word_1_252' title='bbox 1388 3754 1557 3834; x_wconf 77' lang='lat' dir='ltr'>Syst.</span> <span class='ocrx_word' id='word_1_253' title='bbox 1610 3779 1671 3838; x_wconf 90' lang='lat' dir='ltr'><strong>p.</strong></span> <span class='ocrx_word' id='word_1_254' title='bbox 1732 3771 1841 3835; x_wconf 90' lang='lat'><strong>171</strong></span> <span class='ocrx_word' id='word_1_255' title='bbox 1899 3756 2025 3816; x_wconf 86' lang='lat' dir='ltr'><strong>tab.</strong></span> <span class='ocrx_word' id='word_1_256' title='bbox 2076 3756 2266 3818; x_wconf 85' lang='lat' dir='ltr'>XVII</span> <span class='ocrx_word' id='word_1_257' title='bbox 2301 3756 2341 3818; x_wconf 89' lang='lat' dir='ltr'><strong>f.</strong></span> <span class='ocrx_word' id='word_1_258' title='bbox 2404 3757 2525 3835; x_wconf 86' lang='lat'><strong>156</strong></span> <span class='ocrx_word' id='word_1_259' title='bbox 2558 3756 2628 3829; x_wconf 91' lang='lat' dir='ltr'><strong>B,</strong></span> <span class='ocrx_word' id='word_1_260' title='bbox 2663 3758 2879 3837; x_wconf 89' lang='lat' dir='ltr'>prouti</span> <span class='ocrx_word' id='word_1_261' title='bbox 2923 3760 3068 3839; x_wconf 88' lang='lat' dir='ltr'><strong>ipse</strong></span> 
     </span>
     <span class='ocr_line' id='line_1_30' title="bbox 740 3870 3071 3953; baseline 0.001 -19"><span class='ocrx_word' id='word_1_262' title='bbox 740 3873 775 3934; x_wconf 91' lang='lat' dir='ltr'><strong>l.</strong></span> <span class='ocrx_word' id='word_1_263' title='bbox 828 3895 882 3935; x_wconf 81' lang='lat' dir='ltr'><strong>c,</strong></span> <span class='ocrx_word' id='word_1_264' title='bbox 926 3872 1060 3952; x_wconf 87' lang='lat' dir='ltr'><strong>jam</strong></span> <span class='ocrx_word' id='word_1_265' title='bbox 1109 3874 1344 3933; x_wconf 90' lang='lat' dir='ltr'>monui.</span> <span class='ocrx_word' id='word_1_266' title='bbox 1397 3870 1689 3933; x_wconf 83' lang='lat' dir='ltr'>Genuina</span> <span class='ocrx_word' id='word_1_267' title='bbox 1725 3871 2150 3951; x_wconf 71' lang='lat' dir='ltr'><strong>Spathularz&#39;a</strong></span> <span class='ocrx_word' id='word_1_268' title='bbox 2200 3875 2353 3952; x_wconf 80' lang='lat' dir='ltr'><strong>rufa</strong></span> <span class='ocrx_word' id='word_1_269' title='bbox 2414 3872 2609 3936; x_wconf 85' lang='lat' dir='ltr'>Swrz.</span> <span class='ocrx_word' id='word_1_270' title='bbox 2656 3875 2760 3953; x_wconf 84' lang='lat'><strong>(=</strong></span> <span class='ocrx_word' id='word_1_271' title='bbox 2808 3874 3071 3937; x_wconf 80' lang='lat' dir='ltr'>lilacina</span> 
     </span>
     <span class='ocr_line' id='line_1_31' title="bbox 743 3987 3068 4072; baseline 0.001 -21"><span class='ocrx_word' id='word_1_272' title='bbox 743 3988 826 4071; x_wconf 82' lang='lat' dir='ltr'><strong>Q.</strong></span> <span class='ocrx_word' id='word_1_273' title='bbox 875 3988 911 4051; x_wconf 94' lang='grc'><strong>1.</strong></span> <span class='ocrx_word' id='word_1_274' title='bbox 962 3990 1042 4069; x_wconf 91' lang='lat' dir='ltr'><strong>e.)</strong></span> <span class='ocrx_word' id='word_1_275' title='bbox 1093 3989 1262 4049; x_wconf 85' lang='lat' dir='ltr'><strong>edita</strong></span> <span class='ocrx_word' id='word_1_276' title='bbox 1309 3988 1428 4049; x_wconf 84' lang='lat' dir='ltr'><strong>fuit</strong></span> <span class='ocrx_word' id='word_1_277' title='bbox 1475 4009 1512 4050; x_wconf 83' lang='lat' dir='ltr'>a</span> <span class='ocrx_word' id='word_1_278' title='bbox 1560 3988 1634 4049; x_wconf 89' lang='lat' dir='ltr'><strong>cl.</strong></span> <span class='ocrx_word' id='word_1_279' title='bbox 1685 3987 2096 4049; x_wconf 84' lang='lat' dir='ltr'><strong>Rabenhorst</strong></span> <span class='ocrx_word' id='word_1_280' title='bbox 2142 3990 2202 4050; x_wconf 91' lang='lat' dir='ltr'><strong>in</strong></span> <span class='ocrx_word' id='word_1_281' title='bbox 2252 3990 2458 4069; x_wconf 83' lang='lat' dir='ltr'>Fungi</span> <span class='ocrx_word' id='word_1_282' title='bbox 2492 3989 2735 4072; x_wconf 90' lang='lat' dir='ltr'>Europ.</span> <span class='ocrx_word' id='word_1_283' title='bbox 2782 3993 2877 4052; x_wconf 88' lang='lat' dir='ltr'><strong>n.⁰</strong></span> <span class='ocrx_word' id='word_1_284' title='bbox 2913 4006 3068 4071; x_wconf 85' lang='lat'><strong>235,</strong></span> 
     </span>
     <span class='ocr_line' id='line_1_32' title="bbox 743 4101 3070 4184; baseline 0.001 -18"><span class='ocrx_word' id='word_1_285' title='bbox 743 4112 807 4166; x_wconf 92' lang='lat' dir='ltr'><strong>et</strong></span> <span class='ocrx_word' id='word_1_286' title='bbox 854 4112 1027 4166; x_wconf 89' lang='lat' dir='ltr'><strong>certe</strong></span> <span class='ocrx_word' id='word_1_287' title='bbox 1072 4105 1321 4183; x_wconf 79' lang='lat' dir='ltr'><strong>species</strong></span> <span class='ocrx_word' id='word_1_288' title='bbox 1370 4104 1489 4164; x_wconf 83' lang='lat' dir='ltr'>ista</span> <span class='ocrx_word' id='word_1_289' title='bbox 1542 4101 1845 4183; x_wconf 74' lang='lat' dir='ltr'><strong>Queletio</strong></span> <span class='ocrx_word' id='word_1_290' title='bbox 1897 4104 2120 4182; x_wconf 81' lang='lat' dir='ltr'>ignota</span> <span class='ocrx_word' id='word_1_291' title='bbox 2166 4106 2215 4165; x_wconf 86' lang='lat' dir='ltr'><strong>si</strong></span> <span class='ocrx_word' id='word_1_292' title='bbox 2251 4125 2399 4166; x_wconf 89' lang='lat' dir='ltr'><strong>cum</strong></span> <span class='ocrx_word' id='word_1_293' title='bbox 2430 4104 2626 4184; x_wconf 82' lang='lat' dir='ltr'>fungo</span> <span class='ocrx_word' id='word_1_294' title='bbox 2659 4104 2875 4167; x_wconf 92' lang='lat' dir='ltr'><strong>Neesii</strong></span> <span class='ocrx_word' id='word_1_295' title='bbox 2910 4127 3070 4169; x_wconf 88' lang='lat' dir='ltr'><strong>con-</strong></span> 
     </span>
     <span class='ocr_line' id='line_1_33' title="bbox 733 4217 3067 4301; baseline 0.001 -20"><span class='ocrx_word' id='word_1_296' title='bbox 733 4218 960 4301; x_wconf 85' lang='lat' dir='ltr'>jungit,</span> <span class='ocrx_word' id='word_1_297' title='bbox 1011 4220 1122 4298; x_wconf 90' lang='lat' dir='ltr'><strong>qui</strong></span> <span class='ocrx_word' id='word_1_298' title='bbox 1169 4217 1505 4298; x_wconf 77' lang='lat' dir='ltr'><strong>hueusque</strong></span> <span class='ocrx_word' id='word_1_299' title='bbox 1569 4240 1605 4279; x_wconf 85' lang='lat' dir='ltr'>a</span> <span class='ocrx_word' id='word_1_300' title='bbox 1670 4217 2039 4298; x_wconf 83' lang='lat' dir='ltr'>Mycologis</span> <span class='ocrx_word' id='word_1_301' title='bbox 2099 4219 2199 4281; x_wconf 91' lang='lat' dir='ltr'><strong>vel</strong></span> <span class='ocrx_word' id='word_1_302' title='bbox 2261 4220 2603 4299; x_wconf 83' lang='lat' dir='ltr'><strong>neglectus,</strong></span> <span class='ocrx_word' id='word_1_303' title='bbox 2664 4219 2765 4281; x_wconf 87' lang='lat' dir='ltr'><strong>vel</strong></span> <span class='ocrx_word' id='word_1_304' title='bbox 2804 4220 3067 4301; x_wconf 46' lang='lat' dir='ltr'><strong>‚Spalla</strong></span> 
     </span>
    </p>
   </div>
  </div>
 </body>
</html>
