3281 4878
1157 2159 1585 2217 PRAEFA
1619 2159 1788 2217 Tlc)

469 2497 665 2554 Flora
714 2498 1092 2573 mycologica
1127 2499 1496 2567 tridentina,
1530 2519 1562 2557 e
1594 2502 1898 2557 varielale
1945 2503 2245 2577 copiaque
2292 2503 2639 2573 sylvarum,

290 2583 682 2680 quae'Alpes
716 2595 963 2662 nostras
997 2607 1292 2662 maxima
1324 2625 1409 2663 ex
1433 2612 1620 2682 parte
1669 2612 1903 2682 legunt,
1943 2610 2297 2665 numerosis
2347 2610 2644 2683 rarisque

289 2711 605 2787 speciebus
677 2712 978 2787 insignis.
1052 2712 1625 2783 vaenomycetes‚
1686 2719 1851 2789 prae
1912 2716 2150 2784 celeris,
2224 2716 2648 2790 copiosissimi

289 2820 500 2894 sylvas
563 2824 812 2876 noslras
881 2820 1111 2888 colunt,
1149 2821 1480 2896 plurimas
1552 2820 1890 2878 nobiliores
1937 2823 2275 2879 varielales
2345 2819 2638 2897 offertum,

289 2945 487 3001 neque
533 2946 684 2983 raro
733 2945 926 2984 novas
974 2928 1164 2984 eliam
1213 2921 1524 3001 symbolas
1561 2933 1727 3003 prae
1776 2929 1975 2985 oculis
2015 2934 2282 3004 ponunt.

470 3033 577 3092 Sic
625 3035 692 3090 in
729 3034 954 3109 plagis
1001 3054 1040 3090 a
1094 3053 1188 3091 me
1234 3035 1567 3110 singulari
1610 3053 1764 3092 cura
1806 3040 2195 3111 peragratis,
2246 3039 2477 3112 species
2525 3039 2641 3095 col-

290 3142 490 3216 ligere
536 3160 731 3198 novas
782 3160 1045 3199 rarasve
1076 3143 1450 3217 saepissime
1496 3144 1766 3217 conligit
1786 3163 1814 3208 ,·
1865 3144 1933 3199 in
2018 3141 2191 3200 Valle
2240 3142 2408 3201 Solis
2479 3143 2649 3219 (Val

287 3248 361 3305 di
405 3247 568 3326 Sole)
591 3250 976 3324 praesertim
1012 3267 1223 3305 omnes
1270 3251 1501 3325 species
1534 3268 1725 3306 rarae
1771 3268 1956 3306 suum
1985 3250 2328 3325 proprium
2361 3251 2639 3308 substra-

289 3361 422 3412 tum
457 3353 770 3412 invenisse
816 3355 1131 3413 videntur.
1169 3355 1415 3431 Stirpes
1464 3355 1786 3414 szcecanas
1819 3357 2034 3414 minus
2081 3356 2315 3424 obvias,
2378 3358 2639 3415 Germa-

288 3463 482 3533 nicas,
571 3461 952 3537 Ungaricas,
1034 3462 1317 3521 Gallicas
1387 3469 1515 3528 etc..
1568 3462 1668 3520 lzic
1737 3464 1948 3521 videre
2019 3464 2251 3522 licebit:
2308 3466 2641 3541 plurimae

284 3570 518 3646 species
541 3571 607 3626 in
633 3569 927 3646 operibus
950 3570 1399 3627 recenlioribus
1426 3567 1947 3639 Kalclzbrenneri,
1984 3567 2274 3642 Quelelii,
2311 3568 2647 3629 Karslenii

284 3682 390 3734 etc.
444 3682 748 3751 tanquam
800 3696 995 3734 novae
1034 3678 1415 3752 propositae,
1434 3679 1581 3753 jam
1618 3677 1786 3734 milii
1814 3696 1897 3733 ex
1947 3677 2061 3734 lzac
2109 3679 2365 3752 regione
2427 3680 2637 3752 cogni-

285 3789 425 3857 tae,·
474 3783 799 3859 adhucque
837 3785 1060 3859 plures
1107 3790 1348 3853 exlant,
1398 3803 1560 3860 quae
1592 3784 1941 3859 sllvcologis
1991 3785 2266 3842 nondum
2306 3790 2548 3861 palent.

463 3889 630 3948 Istae
660 3889 811 3965 fere
856 3909 1068 3969 omnes
1137 3892 1529 3948 amicissimo
1600 3892 1765 3948 milii
1806 3897 1865 3947 et
1911 3891 2233 3966 Mag-istro
2281 3893 2639 3949 clarissimo

289 3998 453 4055 D.ri
495 3997 573 4055 L.
653 3992 890 4069 Quelet,
941 3998 1191 4054 auclori
1255 3999 1599 4055 aeslumali
1661 4000 1870 4071 operis
1925 4020 1958 4052 «
1993 3998 2113 4055 Les
2162 3997 2639 4075 Champignons

283 4103 369 4162 du
420 4103 564 4162 Iura
610 4114 673 4162 et
744 4103 857 4162 des
909 4103 1156 4181 Vosges
1188 4127 1222 4159 >›
1279 4106 1345 4162 in
1394 4106 1847 4180 speciminibus
1894 4107 2060 4162 vivis
2122 4106 2634 4175 communicatae,

280 4211 358 4268 ab
406 4213 540 4287 ipso
587 4230 832 4287 quoque
880 4217 1190 4287 tanquam
1241 4231 1436 4269 novae
1484 4212 1734 4270 habilae
1789 4218 1850 4269 et
1893 4213 2127 4287 dignae
2172 4231 2336 4288 quae
2397 4212 2670 4288 publici¹

275 4320 453 4393 juris
469 4318 669 4396 fiant.
