3281 4878
629 1351 983 1415 REVISIO
1035 1352 1398 1415 CRITICA
1449 1350 1961 1415 SPECIERUM
2010 1351 2076 1412 A
2124 1350 2254 1412 ME

485 1575 600 1636 IN
678 1525 912 1638 Hoc
991 1573 1633 1637 VOLUMINF,
1712 1572 2376 1637 EDITARUM.

474 2011 566 2073 Cl.
616 2011 851 2093 Quelet
898 2015 958 2073 in
1006 2034 1124 2074 suo
1174 2015 1437 2093 egregio
1488 2032 1687 2093 opere
1747 2032 1915 2072 anno
1969 2010 2406 2090 praeterlapso
2470 2008 2589 2070 sub

273 2128 457 2189 titulo
507 2126 537 2150 ”
586 2127 1007 2190 Enclzz'ridz‘on
1046 2121 1415 2209 suitgerum
1465 2129 1531 2190 in
1580 2128 1842 2207 Europa
1908 2126 2123 2187 media
2186 2135 2249 2187 et
2296 2137 2593 2205 praeser-

195 2271 198 2274 ’
274 2245 388 2305 tim
439 2244 506 2305 in
566 2241 786 2305 Gallia
834 2244 1190 2323 eng-entium
1241 2292 1279 2322 ‚,
1331 2246 1567 2319 aedito,
1602 2245 2056 2316 recensionem,
2093 2245 2180 2302 uti
2233 2244 2318 2303 ita
2366 2242 2595 2313 dicam,

272 2362 558 2421 criticam
620 2361 976 2439 specierum
1040 2381 1076 2420 a
1139 2380 1240 2421 me
1302 2361 1616 2421 editarum
1686 2361 1984 2433 instituit,
2048 2378 2195 2418 nam
2256 2357 2410 2418 alias
2475 2377 2591 2417 ceu

271 2475 698 2536 anthonomas
745 2476 803 2534 in
854 2496 970 2536 suo
1020 2496 1219 2556 opere
1266 2474 1624 2555 assumpsit,
1676 2475 1830 2536 alias
1877 2475 1959 2534 ad
2009 2475 2280 2553 gradum
2323 2475 2590 2534 varieta-

270 2593 349 2650 tis
396 2591 674 2665 reduxit,
725 2590 877 2651 alias
934 2611 1088 2652 vero
1157 2612 1419 2672 prorsus
1488 2594 1717 2652 omisit.
1784 2590 2003 2671 Quum
2046 2610 2200 2651 vero
2245 2589 2591 2651 clarissimo

278 2705 547 2767 Auctori
599 2706 822 2786 majori
873 2728 955 2767 ex
1006 2716 1189 2788 parte
1246 2711 1529 2768 assentiri
1594 2727 1934 2787 nequeam,
1996 2706 2169 2767 haud
2215 2725 2595 2786 supervaca-

271 2842 460 2882 neum
510 2825 628 2884 erit
677 2822 779 2883 hic
830 2822 911 2883 de
962 2826 1117 2884 meis
1165 2826 1435 2884 inventis
1483 2824 1563 2883 ab
1615 2825 1754 2903 ipso
1816 2821 2122 2883 oblivioni
2173 2816 2459 2896 traditis}
2493 2820 2593 2882 vel

266 2938 348 2999 ad
397 2938 548 2999 alias
595 2941 841 3018 species
889 2937 1116 2999 frustra
1166 2940 1375 3000 ductis
1408 2939 1646 3019 aliquid
1682 2919 2090 3018 subjungere,
2128 2958 2206 2998 ne
2249 2936 2585 3016 Mycologi

267 3056 446 3133 operi
493 3052 755 3115 laudato
806 3056 1068 3115 nimium
1118 3054 1518 3116 inhaerentes
1550 3057 1798 3135 species
1830 3075 1867 3132 a
1901 3073 2003 3114 me
2028 3052 2161 3133 jam
2211 3062 2383 3115 recte
2417 3073 2590 3114 com·

268 3170 575 3248 probatas
623 3170 963 3249 negligant,
1012 3170 1110 3230 vel
1164 3174 1420 3232 minoris
1469 3171 1774 3251 ponderis
1828 3169 2129 3230 habeant.
2258 3248 2264 3254 ι

467 3284 703 3345 Placita
762 3284 1089 3347 illustrium
1154 3286 1480 3360 Virorum,
1544 3289 1654 3366 qui
1720 3287 1800 3346 de
1850 3307 1917 3346 re
1982 3286 2281 3346 botanica
2349 3287 2593 3365 optime

271 3398 561 3461 meruere
608 3421 897 3480 sequenS,
945 3406 1191 3482 species
1237 3410 1335 3464 tot
1382 3405 1652 3463 admitto
1701 3412 1861 3481 quot
1908 3414 2054 3464 sunt
2104 3401 2351 3463 formae
2387 3402 2590 3461 diver-

266 3537 390 3590 sae,
441 3536 609 3597 quae
658 3516 903 3578 formae
950 3527 1162 3579 tamen
1214 3520 1432 3598 quoad
1483 3529 1669 3580 notas
1717 3518 2078 3579 essentiales
2135 3538 2391 3598 semper
2438 3538 2588 3578 con·

264 3641 503 3694 stantes
551 3653 687 3694 esse
737 3634 992 3709 debent,
1043 3656 1160 3696 nec
1209 3638 1512 3696 continuo
1561 3634 2000 3695 varationibus
2064 3634 2409 3695 obnoxiae.
2477 3632 2587 3693 Ad

266 3758 508 3810 rectum
557 3769 711 3810 vero
753 3749 1065 3829 judicium
1117 3752 1197 3811 de
1253 3750 1600 3823 formarum
1651 3752 2003 3812 constantia
2065 3752 2181 3811 sibi
2249 3750 2586 3810 efforman·

267 3864 421 3924 (lum
470 3885 725 3926 necesse
775 3867 1037 3927 omnino
1088 3876 1182 3927 est
1231 3865 1469 3927 formas
1517 3868 1742 3927 obvias
1790 3866 2024 3946 pluries
2073 3866 2436 3942 observare,
2483 3885 2589 3926 eas

264 4000 412 4040 cum
461 3978 760 4042 affinibus
808 4001 1203 4061 comparare,
1254 3991 1317 4042 et
1365 3984 1625 4044 demum
1675 3991 1942 4055 tantum,
1992 3983 2352 4042 constantia
2411 4001 2585 4041 com·

263 4103 463 4172 perta,
514 4097 570 4155 in
621 4098 869 4176 species
904 4099 1195 4176 proprias
1244 4101 1505 4175 erigere.
1542 4096 1829 4176 Ideoque
1878 4106 1940 4157 et
1975 4116 2339 4173 meolsensu
2389 4116 2584 4175 quam

263 4211 545 4270 maxime
594 4211 893 4273 aberrant
941 4215 1048 4291 qui
1102 4211 1371 4283 formam
1426 4190 1706 4292 aliquam
1772 4231 2082 4292 persaepe
2147 4214 2204 4272 in
2273 4233 2423 4285 un0,
2473 4219 2584 4272 aut
